<record><leader>00000cas a2200000 a 4500</leader><controlfield tag="001">50753492</controlfield><controlfield tag="008">021008d19uu19uuiluwr ne      0    0eng c</controlfield><datafield ind1=" " ind2=" " tag="010"><subfield code="a">sn2002060841</subfield></datafield><datafield ind1=" " ind2=" " tag="040"><subfield code="a">CVF</subfield><subfield code="b">eng</subfield><subfield code="c">CVF</subfield><subfield code="d">DLC</subfield><subfield code="d">OCLCQ</subfield></datafield><datafield ind1=" " ind2=" " tag="042"><subfield code="a">pcc</subfield></datafield><datafield ind1=" " ind2=" " tag="043"><subfield code="a">n-us-il</subfield></datafield><datafield ind1="0" ind2="0" tag="245"><subfield code="a">Glennetka window.</subfield></datafield><datafield ind1=" " ind2=" " tag="260"><subfield code="a">Winnetka, Ill. :</subfield><subfield code="b">Hammond Bowen Printery,</subfield><subfield code="c">19---19--</subfield></datafield><datafield ind1=" " ind2=" " tag="300"><subfield code="a">volumes</subfield></datafield><datafield ind1=" " ind2=" " tag="310"><subfield code="a">Weekly</subfield></datafield><datafield ind1=" " ind2=" " tag="336"><subfield code="a">text</subfield><subfield code="b">txt</subfield><subfield code="2">rdacontent</subfield></datafield><datafield ind1=" " ind2=" " tag="337"><subfield code="a">unmediated</subfield><subfield code="b">n</subfield><subfield code="2">rdamedia</subfield></datafield><datafield ind1=" " ind2=" " tag="338"><subfield code="a">volume</subfield><subfield code="b">nc</subfield><subfield code="2">rdacarrier</subfield></datafield><datafield ind1=" " ind2=" " tag="588"><subfield code="a">Description based on: Vol. 4, no. 13 (Dec. 18, 1925).</subfield></datafield><datafield ind1=" " ind2="2" tag="651"><subfield code="a">Glencoe (Ill.)</subfield></datafield><datafield ind1=" " ind2="2" tag="651"><subfield code="a">Winnetka (Ill.)</subfield></datafield><datafield ind1=" " ind2="2" tag="655"><subfield code="a">Newspapers.</subfield></datafield><datafield ind1=" " ind2=" " tag="752"><subfield code="a">United States</subfield><subfield code="b">Illinois</subfield><subfield code="c">Cook</subfield><subfield code="d">Winnetka.</subfield></datafield><datafield ind1=" " ind2=" " tag="936"><subfield code="a">Vol. 4, no. 26 (March 19, 1926)</subfield></datafield><datafield ind1="1" ind2=" " tag="029"><subfield code="a">AU@</subfield><subfield code="b">000024151216</subfield></datafield></record>